@inproceedings{guo2022BitcoinLatency,
  title = {Bitcoin's Latency--Security Analysis Made Simple},
  booktitle = {Conference on {{Advances}} in {{Financial Technologies}}},
  author = {Guo, Dongning and Ren, Ling},
  year = {2022},
  publisher = {{ACM}}
}

@inproceedings{keller2022ParallelProofofwork,
  title = {Parallel Proof-of-Work with Concrete Bounds},
  booktitle = {Conference on {{Advances}} in {{Financial Technologies}}},
  author = {Keller, Patrik and B{\"o}hme, Rainer},
  year = {2022},
  publisher = {{ACM}}
}

